<record><leader>00000cas a22000007a 4500</leader><controlfield tag="001">18608963</controlfield><controlfield tag="008">881014u19uuuuuutxuuu ne      0    0eng d</controlfield><datafield ind1=" " ind2=" " tag="010"><subfield code="a">sn 88084270 </subfield></datafield><datafield ind1=" " ind2=" " tag="040"><subfield code="a">PPM</subfield><subfield code="b">eng</subfield><subfield code="c">PPM</subfield><subfield code="d">OCLCQ</subfield></datafield><datafield ind1=" " ind2=" " tag="042"><subfield code="a">msc</subfield></datafield><datafield ind1="0" ind2="0" tag="245"><subfield code="a">Rosenberg news-herald.</subfield></datafield><datafield ind1=" " ind2=" " tag="260"><subfield code="a">Rosenberg, Tex. :</subfield><subfield code="b">J.L. Freeman</subfield></datafield><datafield ind1=" " ind2=" " tag="588"><subfield code="a">Description based on: Vol. 5, no. 26 (May 16, 1913).</subfield></datafield><datafield ind1=" " ind2=" " tag="752"><subfield code="a">United States</subfield><subfield code="b">Texas</subfield><subfield code="c">Fort Bend</subfield><subfield code="d">Rosenberg.</subfield></datafield><datafield ind1="0" ind2="0" tag="780"><subfield code="a">Rosenberg herald</subfield></datafield><datafield ind1="0" ind2="0" tag="785"><subfield code="a">Rosenberg herald</subfield></datafield><datafield ind1="1" ind2=" " tag="029"><subfield code="a">AU@</subfield><subfield code="b">000025807906</subfield></datafield></record>